<?xml version="1.0" encoding="UTF-8"?><record xmlns="http://www.loc.gov/MARC21/slim" xmlns:cinclude="http://apache.org/cocoon/include/1.0" xmlns:zs="http://www.loc.gov/zing/srw/">
  <leader>00345nz  a2200121n  4500</leader>
  <controlfield tag="001">nr 99032356 </controlfield>
  <controlfield tag="003">DLC</controlfield>
  <controlfield tag="005">19991016013748.0</controlfield>
  <controlfield tag="008">991015n| acannaabn          |n aaa     c</controlfield>
  <datafield tag="010" ind1=" " ind2=" ">
    <subfield code="a">nr 99032356 </subfield>
  </datafield>
  <datafield tag="040" ind1=" " ind2=" ">
    <subfield code="a">NN-PD</subfield>
    <subfield code="b">eng</subfield>
    <subfield code="c">NN-PD</subfield>
  </datafield>
  <datafield tag="100" ind1="1" ind2=" ">
    <subfield code="a">Loye, Benny</subfield>
  </datafield>
  <datafield tag="670" ind1=" " ind2=" ">
    <subfield code="a">Learning to line dance. Vol. 1 ... [VR] 199-?:</subfield>
    <subfield code="b">credits (Benny Loye; producer, director)</subfield>
  </datafield>
</record>